%% This BibTeX bibliography file was created using BibDesk.
%% https://bibdesk.sourceforge.io/

%% Created for Benoit Balliu at 2019-04-25 22:37:10 +0200 


%% Saved with string encoding Unicode (UTF-8) 



@unpublished{Hong2016,
	Author = {S. Hong and R. Baykov and L. Xu and S. Nadimpalli and G. Gu},
	Date-Added = {2019-04-25 20:23:23 +0000},
	Date-Modified = {2019-04-25 20:37:07 +0000},
	Month = {Februari},
	Note = {Paper},
	Title = {Towards SDN-Defined Programmable BYOD (Bring Your Own Device) Security},
	Year = {2016}}

@book{Knuth1998,
	Address = {Redwood City, CA, USA},
	Author = {Knuth, Donald E.},
	Publisher = {Addison Wesley Longman Publishing Co., Inc.},
	Title = {The art of computer programming, volume 3: (2nd ed.) sorting and searching},
	Year = {1998}}

@book{Pollefliet2011,
	Address = {Gent},
	Author = {Pollefliet, Leen},
	Publisher = {Academia Press},
	Title = {Schrijven van verslag tot eindwerk: do's en don'ts},
	Year = {2011}}

@article{Creeger2009,
	Author = {Creeger, Mache},
	Journal = {Communications of the ACM},
	Number = {8},
	Pages = {50--56},
	Title = {{CTO Roundtable: Cloud Computing}},
	Volume = {52},
	Year = {2009}}
