%% This BibTeX bibliography file was created using BibDesk.
%% http://bibdesk.sourceforge.net/

%% Created for Benoit Balliu at 2018-12-06 23:06:28 +0100 


%% Saved with string encoding Unicode (UTF-8) 


@comment{jabref-meta: databaseType:biblatex;}



@conference{TeckSwee2014,
	Author = { Seow, Teck Keong and Swee Kit Alan, Soong},
	Booktitle = {Rhetoric and reality - Critical perspectives on educational technology},
	Date-Added = {2018-12-06 23:02:40 +0100},
	Date-Modified = {2018-12-06 23:05:15 +0100},
	Title = {Students' perceptions of BYOD open-book examinations in a large class: a pilot study},
	Year = {2014},
	Bdsk-File-1 = {YnBsaXN0MDDSAQIDBFxyZWxhdGl2ZVBhdGhZYWxpYXNEYXRhXxAaLi4vTGl0ZXJhdHV1ci8yMDYtU2Vvdy5wZGZPEQGgAAAAAAGgAAIAAAtNYWludG9zaCBIRAAAAAAAAAAAAAAAAAAAAAAAAAAAQkQAAf////8MMjA2LVNlb3cucGRmAAAAAAAAAAAAAAAAAAAAAAAAAAAAAAAAAAAAAAAAAAAAAAAAAAAAAAAAAAAAAAAAAAAA/////wAAAAAAAAAAAAAAAAABAAIAAAogY3UAAAAAAAAAAAAAAAAACkxpdGVyYXR1dXIAAgBWLzpVc2VyczpiZW5vaXRiYWxsaXU6RG9jdW1lbnRzOkdpdEh1YjpiYWNocHJvZWYtbGF0ZXgtc2phYmxvb246TGl0ZXJhdHV1cjoyMDYtU2Vvdy5wZGYADgAaAAwAMgAwADYALQBTAGUAbwB3AC4AcABkAGYADwAYAAsATQBhAGkAbgB0AG8AcwBoACAASABEABIAVFVzZXJzL2Jlbm9pdGJhbGxpdS9Eb2N1bWVudHMvR2l0SHViL2JhY2hwcm9lZi1sYXRleC1zamFibG9vbi9MaXRlcmF0dXVyLzIwNi1TZW93LnBkZgATAAEvAAAVAAIAE///AAAACAANABoAJABBAAAAAAAAAgEAAAAAAAAABQAAAAAAAAAAAAAAAAAAAeU=}}

@inproceedings{Hillier2015,
	Author = {Mathew Hillier},
	Booktitle = {Proceedings of the International Mobile Learning Festival 2015: Mobile Learning, MOOCs and 21st Century learning},
	Date-Added = {2018-12-05 11:05:41 +0100},
	Date-Modified = {2018-12-05 11:11:40 +0100},
	Month = {May`},
	Pages = {583-608},
	Title = {e-Exams with student owned devices: Student voices},
	Year = {2015},
	Bdsk-File-1 = {YnBsaXN0MDDSAQIDBFxyZWxhdGl2ZVBhdGhZYWxpYXNEYXRhXxA+Li4vTGl0ZXJhdHV1ci9IaWxsaWVyX0lNTEYyMDE1X2Z1bGxfcGFwZXJfZm9ybWF0dGluZ19maXhlZC5wZGZPEQIwAAAAAAIwAAIAAAtNYWludG9zaCBIRAAAAAAAAAAAAAAAAAAAAAAAAAAAQkQAAf////8fSGlsbGllcl9JTUxGMjAxNV9mI0ZGRkZGRkZGLnBkZgAAAAAAAAAAAAAAAAAAAAAAAAAAAAAAAAAAAAAAAAAA/////wAAAAAAAAAAAAAAAAABAAIAAAogY3UAAAAAAAAAAAAAAAAACkxpdGVyYXR1dXIAAgB6LzpVc2VyczpiZW5vaXRiYWxsaXU6RG9jdW1lbnRzOkdpdEh1YjpiYWNocHJvZWYtbGF0ZXgtc2phYmxvb246TGl0ZXJhdHV1cjpIaWxsaWVyX0lNTEYyMDE1X2Z1bGxfcGFwZXJfZm9ybWF0dGluZ19maXhlZC5wZGYADgBiADAASABpAGwAbABpAGUAcgBfAEkATQBMAEYAMgAwADEANQBfAGYAdQBsAGwAXwBwAGEAcABlAHIAXwBmAG8AcgBtAGEAdAB0AGkAbgBnAF8AZgBpAHgAZQBkAC4AcABkAGYADwAYAAsATQBhAGkAbgB0AG8AcwBoACAASABEABIAeFVzZXJzL2Jlbm9pdGJhbGxpdS9Eb2N1bWVudHMvR2l0SHViL2JhY2hwcm9lZi1sYXRleC1zamFibG9vbi9MaXRlcmF0dXVyL0hpbGxpZXJfSU1MRjIwMTVfZnVsbF9wYXBlcl9mb3JtYXR0aW5nX2ZpeGVkLnBkZgATAAEvAAAVAAIAE///AAAACAANABoAJABlAAAAAAAAAgEAAAAAAAAABQAAAAAAAAAAAAAAAAAAApk=}}

@inproceedings{VegendiaSindre2015,
	Author = {Sindre Vegendia, Guttorm Aparna},
	Booktitle = {E-exams versus paper exams: A comparative analysis of cheating-related security threats and countermeasures},
	Date-Added = {2018-12-05 10:43:16 +0100},
	Date-Modified = {2018-12-05 10:53:31 +0100},
	Month = {11},
	Title = {E-exams versus paper exams: A comparative analysis of cheating-related security threats and countermeasures},
	Year = {2015},
	Bdsk-File-1 = {YnBsaXN0MDDSAQIDBFxyZWxhdGl2ZVBhdGhZYWxpYXNEYXRhXxAeLi4vTGl0ZXJhdHV1ci8yOTgtNDk0LTEtUEIucGRmTxEBsAAAAAABsAACAAALTWFpbnRvc2ggSEQAAAAAAAAAAAAAAAAAAAAAAAAAAEJEAAH/////EDI5OC00OTQtMS1QQi5wZGYAAAAAAAAAAAAAAAAAAAAAAAAAAAAAAAAAAAAAAAAAAAAAAAAAAAAAAAAAAAAAAP////8AAAAAAAAAAAAAAAAAAQACAAAKIGN1AAAAAAAAAAAAAAAAAApMaXRlcmF0dXVyAAIAWi86VXNlcnM6YmVub2l0YmFsbGl1OkRvY3VtZW50czpHaXRIdWI6YmFjaHByb2VmLWxhdGV4LXNqYWJsb29uOkxpdGVyYXR1dXI6Mjk4LTQ5NC0xLVBCLnBkZgAOACIAEAAyADkAOAAtADQAOQA0AC0AMQAtAFAAQgAuAHAAZABmAA8AGAALAE0AYQBpAG4AdABvAHMAaAAgAEgARAASAFhVc2Vycy9iZW5vaXRiYWxsaXUvRG9jdW1lbnRzL0dpdEh1Yi9iYWNocHJvZWYtbGF0ZXgtc2phYmxvb24vTGl0ZXJhdHV1ci8yOTgtNDk0LTEtUEIucGRmABMAAS8AABUAAgAT//8AAAAIAA0AGgAkAEUAAAAAAAACAQAAAAAAAAAFAAAAAAAAAAAAAAAAAAAB+Q==}}

@article{Dawson2016,
	Author = {Phillip Dawson},
	Date-Added = {2018-12-04 22:39:05 +0100},
	Date-Modified = {2018-12-04 22:45:10 +0100},
	Journal = {British Journal of Educational Technology},
	Number = {4},
	Pages = {593-600},
	Title = {Five ways to hack and cheat with bring‐your‐own‐device electronic examinations},
	Volume = {47},
	Year = {2016},
	Bdsk-File-1 = {YnBsaXN0MDDSAQIDBFxyZWxhdGl2ZVBhdGhZYWxpYXNEYXRhXxBHLi4vTGl0ZXJhdHV1ci9EYXdzb24tMjAxNi1Ccml0aXNoX0pvdXJuYWxfb2ZfRWR1Y2F0aW9uYWxfVGVjaG5vbG9neS5wZGZPEQJWAAAAAAJWAAIAAAtNYWludG9zaCBIRAAAAAAAAAAAAAAAAAAAAAAAAAAAQkQAAf////8fRGF3c29uLTIwMTYtQnJpdGlzI0ZGRkZGRkZGLnBkZgAAAAAAAAAAAAAAAAAAAAAAAAAAAAAAAAAAAAAAAAAA/////wAAAAAAAAAAAAAAAAABAAIAAAogY3UAAAAAAAAAAAAAAAAACkxpdGVyYXR1dXIAAgCDLzpVc2VyczpiZW5vaXRiYWxsaXU6RG9jdW1lbnRzOkdpdEh1YjpiYWNocHJvZWYtbGF0ZXgtc2phYmxvb246TGl0ZXJhdHV1cjpEYXdzb24tMjAxNi1Ccml0aXNoX0pvdXJuYWxfb2ZfRWR1Y2F0aW9uYWxfVGVjaG5vbG9neS5wZGYAAA4AdAA5AEQAYQB3AHMAbwBuAC0AMgAwADEANgAtAEIAcgBpAHQAaQBzAGgAXwBKAG8AdQByAG4AYQBsAF8AbwBmAF8ARQBkAHUAYwBhAHQAaQBvAG4AYQBsAF8AVABlAGMAaABuAG8AbABvAGcAeQAuAHAAZABmAA8AGAALAE0AYQBpAG4AdABvAHMAaAAgAEgARAASAIFVc2Vycy9iZW5vaXRiYWxsaXUvRG9jdW1lbnRzL0dpdEh1Yi9iYWNocHJvZWYtbGF0ZXgtc2phYmxvb24vTGl0ZXJhdHV1ci9EYXdzb24tMjAxNi1Ccml0aXNoX0pvdXJuYWxfb2ZfRWR1Y2F0aW9uYWxfVGVjaG5vbG9neS5wZGYAABMAAS8AABUAAgAT//8AAAAIAA0AGgAkAG4AAAAAAAACAQAAAAAAAAAFAAAAAAAAAAAAAAAAAAACyA==}}

@article{Doll1954,
	Author = {Doll, Richard and Hill, A Bradford},
	Journal = {British Medical Journal},
	Number = {7455},
	Owner = {jbuy519},
	Pages = {1529-1533},
	Timestamp = {2014.03.28},
	Title = {The mortality of doctors in relation to their smoking habits: a preliminary report},
	Volume = {328},
	Year = {1954}}

@book{Moore2002,
	Author = {Moore, David and McCabe, George},
	Owner = {jbuy519},
	Publisher = {W. H. Freeman},
	Timestamp = {2014.01.28},
	Title = {Introduction to the Practice of Statistics},
	Year = {2002}}

@book{Smits2011,
	Author = {Smits, Johan and Edens, Ronald},
	Owner = {jbuy519},
	Publisher = {Pearson Education},
	Timestamp = {2014.01.23},
	Title = {Onderzoek met SPSS en Excel},
	Year = {2011}}
